@article{einstein1915,
  title={Die Feldgleichungen der Gravitation},
  author={Einstein, Albert},
  journal={Sitzungsberichte der K{\"o}niglich Preu{\ss}ischen Akademie der Wissenschaften},
  pages={844--847},
  year={1915}
}

@article{schrodinger1926,
  title={{\"U}ber das Verh{\"a}ltnis der Heisenberg-Born-Jordanschen Quantenmechanik zu der meinen},
  author={Schr{\"o}dinger, Erwin},
  journal={Annalen der Physik},
  volume={384},
  number={8},
  pages={734--756},
  year={1926}
}

@book{weinberg1972,
  title={Gravitation and Cosmology: Principles and Applications of the General Theory of Relativity},
  author={Weinberg, Steven},
  year={1972},
  publisher={John Wiley \& Sons}
}

@book{carroll2004,
  title={Spacetime and Geometry: An Introduction to General Relativity},
  author={Carroll, Sean M.},
  year={2004},
  publisher={Addison Wesley}
}

@book{birrell1982,
  title={Quantum Fields in Curved Space},
  author={Birrell, Nick D. and Davies, Paul C.W.},
  year={1982},
  publisher={Cambridge University Press}
}

@article{ashtekar2006,
  title={Quantum nature of the big bang},
  author={Ashtekar, Abhay and Pawlowski, Tomasz and Singh, Parampreet},
  journal={Physical Review Letters},
  volume={96},
  number={14},
  pages={141301},
  year={2006}
}

@article{bojowald2001,
  title={Absence of singularity in loop quantum cosmology},
  author={Bojowald, Martin},
  journal={Physical Review Letters},
  volume={86},
  number={23},
  pages={5227--5230},
  year={2001}
}

@book{kiefer2007,
  title={Quantum Gravity},
  author={Kiefer, Claus},
  year={2007},
  publisher={Oxford University Press}
}

@article{guth1981,
  title={Inflationary universe: A possible solution to the horizon and flatness problems},
  author={Guth, Alan H.},
  journal={Physical Review D},
  volume={23},
  number={2},
  pages={347--356},
  year={1981}
}

@article{linde1982,
  title={A new inflationary universe scenario: a possible solution of the horizon, flatness, homogeneity, isotropy and primordial monopole problems},
  author={Linde, Andrei D.},
  journal={Physics Letters B},
  volume={108},
  number={6},
  pages={389--393},
  year={1982}
}

@article{planck2020,
  title={Planck 2018 results. VI. Cosmological parameters},
  author={Planck Collaboration},
  journal={Astronomy \& Astrophysics},
  volume={641},
  pages={A6},
  year={2020}
}

@article{hawking1975,
  title={Particle creation by black holes},
  author={Hawking, Stephen W.},
  journal={Communications in Mathematical Physics},
  volume={43},
  number={3},
  pages={199--220},
  year={1975}
}

@book{misner1973,
  title={Gravitation},
  author={Misner, Charles W. and Thorne, Kip S. and Wheeler, John Archibald},
  year={1973},
  publisher={W. H. Freeman}
}

@book{wald1984,
  title={General Relativity},
  author={Wald, Robert M.},
  year={1984},
  publisher={University of Chicago Press}
}

@book{peskin1995,
  title={An Introduction to Quantum Field Theory},
  author={Peskin, Michael E. and Schroeder, Daniel V.},
  year={1995},
  publisher={Addison-Wesley}
}

@article{parker1969,
  title={Quantized fields and particle creation in expanding universes. I},
  author={Parker, Leonard},
  journal={Physical Review},
  volume={183},
  number={5},
  pages={1057--1068},
  year={1969}
}

@article{fulling1973,
  title={Nonuniqueness of canonical field quantization in Riemannian space-time},
  author={Fulling, Stephen A.},
  journal={Physical Review D},
  volume={7},
  number={10},
  pages={2850--2862},
  year={1973}
}

@article{unruh1976,
  title={Notes on black-hole evaporation},
  author={Unruh, William G.},
  journal={Physical Review D},
  volume={14},
  number={4},
  pages={870--892},
  year={1976}
}

@software{numpy2020,
  title={Array programming with NumPy},
  author={Harris, Charles R. and others},
  journal={Nature},
  volume={585},
  pages={357--362},
  year={2020}
}

@software{scipy2020,
  title={SciPy 1.0: fundamental algorithms for scientific computing in Python},
  author={Virtanen, Pauli and others},
  journal={Nature Methods},
  volume={17},
  pages={261--272},
  year={2020}
}

@software{sympy2017,
  title={SymPy: symbolic computing in Python},
  author={Meurer, Aaron and others},
  journal={PeerJ Computer Science},
  volume={3},
  pages={e103},
  year={2017}
}

@article{rovelli2004,
  title={Quantum gravity},
  author={Rovelli, Carlo},
  journal={Cambridge University Press},
  year={2004}
}

@article{thiemann2007,
  title={Modern canonical quantum general relativity},
  author={Thiemann, Thomas},
  journal={Cambridge University Press},
  year={2007}
}

@book{penrose2004,
  title={The road to reality: A complete guide to the laws of the universe},
  author={Penrose, Roger},
  year={2004},
  publisher={Jonathan Cape}
}